<record><leader>02131cam a2200409 i 4500</leader><controlfield tag="001">6808224</controlfield><controlfield tag="003">OCoLC</controlfield><controlfield tag="005">20150209085344.0</controlfield><controlfield tag="008">140926t20152014nyu           000 1 eng  </controlfield><datafield ind1=" " ind2=" " tag="010"><subfield code="a">  2014032132</subfield></datafield><datafield ind1=" " ind2=" " tag="020"><subfield code="a">9781250047991 (hbk.)</subfield></datafield><datafield ind1=" " ind2=" " tag="020"><subfield code="a">1250047994 (hbk.)</subfield></datafield><datafield ind1=" " ind2=" " tag="020"><subfield code="z">9781466848290 (ebk.)</subfield></datafield><datafield ind1=" " ind2=" " tag="035"><subfield code="a">ocn891494631</subfield></datafield><datafield ind1=" " ind2=" " tag="040"><subfield code="a">DLC</subfield><subfield code="b">eng</subfield><subfield code="e">rda</subfield><subfield code="c">DLC</subfield><subfield code="d">IG#</subfield><subfield code="d">OCLCO</subfield><subfield code="d">ZHB</subfield><subfield code="d">YDXCP</subfield><subfield code="d">BTCTA</subfield><subfield code="d">BDX</subfield><subfield code="d">UAB</subfield><subfield code="d">AEU</subfield></datafield><datafield ind1="0" ind2="0" tag="050"><subfield code="a">PS3607.O454</subfield><subfield code="b">I5 2015</subfield></datafield><datafield ind1="0" ind2="0" tag="082"><subfield code="a">813/.6</subfield><subfield code="2">23</subfield></datafield><datafield ind1=" " ind2=" " tag="084"><subfield code="a">FIC044000</subfield><subfield code="a">FIC043000</subfield><subfield code="a">FIC045000</subfield><subfield code="2">bisacsh</subfield></datafield><datafield ind1=" " ind2=" " tag="090"><subfield code="a">PS 3607 O454 I5 2015</subfield><subfield code="b">AEU</subfield></datafield><datafield ind1="1" ind2=" " tag="100"><subfield code="a">Goldhagen, Shari,</subfield><subfield code="d">1976-</subfield><subfield code="e">author.</subfield></datafield><datafield ind1="1" ind2="0" tag="245"><subfield code="a">In some other world, maybe /</subfield><subfield code="c">Shari Goldhagen.</subfield></datafield><datafield ind1=" " ind2=" " tag="250"><subfield code="a">First edition.</subfield></datafield><datafield ind1=" " ind2="1" tag="264"><subfield code="a">New York :</subfield><subfield code="b">St. Martin's Press,</subfield><subfield code="c">2015.</subfield></datafield><datafield ind1=" " ind2="4" tag="264"><subfield code="c">&#169;2014</subfield></datafield><datafield ind1=" " ind2=" " tag="300"><subfield code="a">272 pages ;</subfield><subfield code="c">25 cm</subfield></datafield><datafield ind1=" " ind2=" " tag="336"><subfield code="a">text</subfield><subfield code="2">rdacontent</subfield></datafield><datafield ind1=" " ind2=" " tag="337"><subfield code="a">unmediated</subfield><subfield code="2">rdamedia</subfield></datafield><datafield ind1=" " ind2=" " tag="338"><subfield code="a">volume</subfield><subfield code="2">rdacarrier</subfield></datafield><datafield ind1=" " ind2=" " tag="500"><subfield code="a">"A novel"--Jacket.</subfield></datafield><datafield ind1=" " ind2=" " tag="520"><subfield code="a">"In December 1992, three groups of teenagers head to the theater to see the movie version of the famed Eons &amp; Empires comic books. For Adam it's a last ditch effort to connect with something (actually, someone, the girl he's had a crush on for years) in his sleepy Florida town before he leaves for good. Passionate fan Sharon skips school in Cincinnati so she can fully appreciate the flick without interruption from her vapid almost-friends ... And in suburban Chicago, Phoebe and Ollie simply want to have a nice first date and maybe fool around in the dark ... Over the next two decades, these ... characters criss-cross the globe, becoming entwined by friendship, sex, ambition, fame, and tragedy"--</subfield><subfield code="c">Provided by publisher.</subfield></datafield><datafield ind1=" " ind2=" " tag="596"><subfield code="a">43</subfield></datafield><datafield ind1=" " ind2="0" tag="650"><subfield code="a">Teenagers</subfield><subfield code="v">Fiction.</subfield></datafield><datafield ind1=" " ind2="0" tag="650"><subfield code="a">Interpersonal relations</subfield><subfield code="v">Fiction.</subfield></datafield><datafield ind1=" " ind2="0" tag="650"><subfield code="a">Motion pictures</subfield><subfield code="v">Fiction.</subfield></datafield><datafield ind1="4" ind2="2" tag="856"><subfield code="3">Cover image</subfield><subfield code="u">http://www.netread.com/jcusers2/bk1388/991/9781250047991/image/lgcover.9781250047991.jpg</subfield></datafield><datafield ind1=" " ind2=" " tag="949"><subfield code="a">PS 3607 O454 I5 2015</subfield><subfield code="h">UAHS-B</subfield><subfield code="i">0162035241106</subfield></datafield><datafield ind1=" " ind2=" " tag="926"><subfield code="a">PS 3607 O454 I5 2015</subfield><subfield code="w">LC</subfield><subfield code="c">1</subfield><subfield code="i">0162035241106</subfield><subfield code="l">ON_SHELF</subfield><subfield code="m">UAHSS</subfield><subfield code="p">$150.00</subfield><subfield code="r">Y</subfield><subfield code="s">Y</subfield><subfield code="t">BOOK</subfield><subfield code="u">2/19/2015</subfield></datafield></record>